% This file was created with Citavi 5.5.0.1

@online{Apache,
 author = {o.V.},
 year = {08.03.2017},
 title = {Apache HTTP~Server},
 url = {https://wiki.archlinux.org/index.php/Apache_HTTP_Server},
 urldate = {2017-07-02},
 abstract = {}
}


@online{Avconv,
 author = {Cons, Lionel and Berry, Karl and Bachmann, Olaf},
 year = {02.07.2017},
 title = {Avconv Documentation},
 url = {https://libav.org/avconv.html},
 urldate = {2017-07-02},
 abstract = {}
}


@online{Bash,
 author = {kegelkugel},
 year = {06.10.2016},
 title = {Bash-Skripting-Guide f{\"u}r Anf{\"a}nger},
 url = {https://wiki.ubuntuusers.de/Shell/Bash-Skripting-Guide_f%C3%BCr_Anf%C3%A4nger/},
 urldate = {2017-07-04},
 abstract = {}
}


@online{Clustering,
 author = {o.V.},
 year = {23.12.2016},
 title = {K-Means Clustering in OpenCV},
 url = {http://docs.opencv.org/3.2.0/d1/d5c/tutorial_py_kmeans_opencv.html},
 urldate = {2017-07-07},
 abstract = {}
}


@online{CountNonZero,
 author = {o.V.},
 year = {23.12.2016},
 title = {Operations on arrays},
 url = {http://docs.opencv.org/3.2.0/d2/de8/group__core__array.html},
 urldate = {2017-07-10},
 abstract = {}
}


@online{Ffmpeg,
 author = {{The FFmpeg developers}},
 year = {06.07.2017},
 title = {ffmpeg Documentation},
 url = {https://ffmpeg.org/ffmpeg.html},
 urldate = {2017-07-07},
 abstract = {}
}


@online{GrabCut,
 author = {o.V.},
 year = {23.12.2016},
 title = {Interactive Foreground Extraction using GrabCut Algorithm},
 url = {http://docs.opencv.org/3.2.0/d8/d83/tutorial_py_grabcut.html},
 urldate = {2017-07-04},
 abstract = {}
}


@online{Kamera,
 author = {o.V.},
 year = {2017},
 title = {Full HD USB Camera Module 1080P USB2.0 OV2710 Color Sensor Support MJPEG with 3.6MM Lens},
 url = {http://www.elpcctv.com/full-hd-usb-camera-module-1080p-usb20-ov2710-color-sensor-support-mjpeg-with-36mm-lens-p-203.html},
 urldate = {2017-07-14},
 abstract = {}
}


@online{MjpgStreamer,
 author = {Schwietering, Heinrich},
 year = {06.05.2017},
 title = {MJPG-Streamer},
 url = {https://wiki.ubuntuusers.de/MJPG-Streamer/},
 urldate = {2017-07-02},
 abstract = {}
}


@online{NanoPi,
 author = {{FriendlyARM NanoPi Team}},
 year = {2014},
 title = {The Feature for the NanoPi-NEO Board},
 url = {http://www.nanopi.org/NanoPi-NEO_Feature.html},
 urldate = {2017-07-14},
 abstract = {}
}


@article{NanoPiNeo,
 title = {NanoPi NEO~Layout},
 url = {https://1.f.ix.de/scale/geometry/680x453/q75/imgs/71/1/8/5/3/6/8/6/NanoPi-NEO-layout-bd228443bd85b402.jpg},
 urldate = {2017-07-14},
 abstract = {}
}


@online{OpenCV,
 author = {{OpenCV team}},
 year = {14.06.2017},
 title = {OpenCV About},
 url = {http://opencv.org/about.html},
 urldate = {2017-07-02},
 abstract = {}
}


@online{OpenCVCC,
 author = {Dahms, Chris},
 year = {20.02.2016},
 title = {OpenCV{\_}3{\_}Car{\_}Counting{\_}Cpp},
 url = {https://github.com/MicrocontrollersAndMore/OpenCV_3_Car_Counting_Cpp},
 urldate = {2017-07-04},
 abstract = {}
}


@online{Streamer,
 author = {Kirkland, Dustin},
 year = {2010},
 title = {streamer - record audio and/or video},
 url = {http://manpages.ubuntu.com/manpages/precise/man1/streamer.1.html#contenttoc0},
 urldate = {2017-07-07},
 abstract = {}
}


